%YAML 1.1
%TAG !u! tag:unity3d.com,2011:
--- !u!1101 &-8620749452285540304
AnimatorStateTransition:
  m_ObjectHideFlags: 1
  m_CorrespondingSourceObject: {fileID: 0}
  m_PrefabInstance: {fileID: 0}
  m_PrefabAsset: {fileID: 0}
  m_Name: 
  m_Conditions:
  - m_ConditionMode: 1
    m_ConditionEvent: isAttacking
    m_EventTreshold: 0
  m_DstStateMachine: {fileID: 0}
  m_DstState: {fileID: 509648112850736524}
  m_Solo: 0
  m_Mute: 0
  m_IsExit: 0
  serializedVersion: 3
  m_TransitionDuration: 0.25
  m_TransitionOffset: 0
  m_ExitTime: 0.39999998
  m_HasExitTime: 1
  m_HasFixedDuration: 1
  m_InterruptionSource: 0
  m_OrderedInterruption: 1
  m_CanTransitionToSelf: 1
--- !u!1101 &-6934142775918726448
AnimatorStateTransition:
  m_ObjectHideFlags: 1
  m_CorrespondingSourceObject: {fileID: 0}
  m_PrefabInstance: {fileID: 0}
  m_PrefabAsset: {fileID: 0}
  m_Name: 
  m_Conditions:
  - m_ConditionMode: 1
    m_ConditionEvent: Attack
    m_EventTreshold: 0
  m_DstStateMachine: {fileID: 0}
  m_DstState: {fileID: -3080156071168614602}
  m_Solo: 0
  m_Mute: 0
  m_IsExit: 0
  serializedVersion: 3
  m_TransitionDuration: 0.25
  m_TransitionOffset: 0
  m_ExitTime: 0.75
  m_HasExitTime: 0
  m_HasFixedDuration: 1
  m_InterruptionSource: 0
  m_OrderedInterruption: 1
  m_CanTransitionToSelf: 1
--- !u!1101 &-5519596219766658157
AnimatorStateTransition:
  m_ObjectHideFlags: 1
  m_CorrespondingSourceObject: {fileID: 0}
  m_PrefabInstance: {fileID: 0}
  m_PrefabAsset: {fileID: 0}
  m_Name: 
  m_Conditions:
  - m_ConditionMode: 1
    m_ConditionEvent: Die
    m_EventTreshold: 0
  m_DstStateMachine: {fileID: 0}
  m_DstState: {fileID: 2234796793281100803}
  m_Solo: 0
  m_Mute: 0
  m_IsExit: 0
  serializedVersion: 3
  m_TransitionDuration: 0.1
  m_TransitionOffset: 0
  m_ExitTime: 0.75
  m_HasExitTime: 0
  m_HasFixedDuration: 0
  m_InterruptionSource: 0
  m_OrderedInterruption: 1
  m_CanTransitionToSelf: 1
--- !u!114 &-5462072258310200996
MonoBehaviour:
  m_ObjectHideFlags: 1
  m_CorrespondingSourceObject: {fileID: 0}
  m_PrefabInstance: {fileID: 0}
  m_PrefabAsset: {fileID: 0}
  m_GameObject: {fileID: 0}
  m_Enabled: 1
  m_EditorHideFlags: 0
  m_Script: {fileID: 11500000, guid: 0ee036637ec9c6f4d852085d2172da48, type: 3}
  m_Name: 
  m_EditorClassIdentifier: 
--- !u!114 &-5231164809446614691
MonoBehaviour:
  m_ObjectHideFlags: 1
  m_CorrespondingSourceObject: {fileID: 0}
  m_PrefabInstance: {fileID: 0}
  m_PrefabAsset: {fileID: 0}
  m_GameObject: {fileID: 0}
  m_Enabled: 1
  m_EditorHideFlags: 0
  m_Script: {fileID: 11500000, guid: e753ccc68bb9d4a44872eba5f9ccb298, type: 3}
  m_Name: 
  m_EditorClassIdentifier: 
--- !u!1102 &-4376306831064409109
AnimatorState:
  serializedVersion: 6
  m_ObjectHideFlags: 1
  m_CorrespondingSourceObject: {fileID: 0}
  m_PrefabInstance: {fileID: 0}
  m_PrefabAsset: {fileID: 0}
  m_Name: MK3_Idle
  m_Speed: 1
  m_CycleOffset: 0
  m_Transitions:
  - {fileID: 6367106348147704727}
  m_StateMachineBehaviours:
  - {fileID: -5231164809446614691}
  m_Position: {x: 50, y: 50, z: 0}
  m_IKOnFeet: 0
  m_WriteDefaultValues: 1
  m_Mirror: 0
  m_SpeedParameterActive: 0
  m_MirrorParameterActive: 0
  m_CycleOffsetParameterActive: 0
  m_TimeParameterActive: 0
  m_Motion: {fileID: 7400000, guid: 25526cbe83400f9428292a67eb2c3af4, type: 2}
  m_Tag: 
  m_SpeedParameter: 
  m_MirrorParameter: 
  m_CycleOffsetParameter: 
  m_TimeParameter: 
--- !u!1102 &-3080156071168614602
AnimatorState:
  serializedVersion: 6
  m_ObjectHideFlags: 1
  m_CorrespondingSourceObject: {fileID: 0}
  m_PrefabInstance: {fileID: 0}
  m_PrefabAsset: {fileID: 0}
  m_Name: MK3_ShootReady
  m_Speed: 1
  m_CycleOffset: 0
  m_Transitions:
  - {fileID: -8620749452285540304}
  m_StateMachineBehaviours:
  - {fileID: 6587220132366946822}
  m_Position: {x: 50, y: 50, z: 0}
  m_IKOnFeet: 0
  m_WriteDefaultValues: 1
  m_Mirror: 0
  m_SpeedParameterActive: 0
  m_MirrorParameterActive: 0
  m_CycleOffsetParameterActive: 0
  m_TimeParameterActive: 0
  m_Motion: {fileID: 7400000, guid: 868b6045d587d1647a463e66998fb173, type: 2}
  m_Tag: 
  m_SpeedParameter: 
  m_MirrorParameter: 
  m_CycleOffsetParameter: 
  m_TimeParameter: 
--- !u!91 &9100000
AnimatorController:
  m_ObjectHideFlags: 0
  m_CorrespondingSourceObject: {fileID: 0}
  m_PrefabInstance: {fileID: 0}
  m_PrefabAsset: {fileID: 0}
  m_Name: SoldierMK3
  serializedVersion: 5
  m_AnimatorParameters:
  - m_Name: isMoving
    m_Type: 4
    m_DefaultFloat: 0
    m_DefaultInt: 0
    m_DefaultBool: 0
    m_Controller: {fileID: 0}
  - m_Name: Attack
    m_Type: 9
    m_DefaultFloat: 0
    m_DefaultInt: 0
    m_DefaultBool: 0
    m_Controller: {fileID: 0}
  - m_Name: isAttacking
    m_Type: 4
    m_DefaultFloat: 0
    m_DefaultInt: 0
    m_DefaultBool: 0
    m_Controller: {fileID: 0}
  - m_Name: Die
    m_Type: 9
    m_DefaultFloat: 0
    m_DefaultInt: 0
    m_DefaultBool: 0
    m_Controller: {fileID: 0}
  m_AnimatorLayers:
  - serializedVersion: 5
    m_Name: Base Layer
    m_StateMachine: {fileID: 2831834050790585906}
    m_Mask: {fileID: 0}
    m_Motions: []
    m_Behaviours: []
    m_BlendingMode: 0
    m_SyncedLayerIndex: -1
    m_DefaultWeight: 0
    m_IKPass: 0
    m_SyncedLayerAffectsTiming: 0
    m_Controller: {fileID: 9100000}
--- !u!1102 &509648112850736524
AnimatorState:
  serializedVersion: 6
  m_ObjectHideFlags: 1
  m_CorrespondingSourceObject: {fileID: 0}
  m_PrefabInstance: {fileID: 0}
  m_PrefabAsset: {fileID: 0}
  m_Name: MK3_Shoot
  m_Speed: 1
  m_CycleOffset: 0
  m_Transitions:
  - {fileID: 4629081215101910618}
  m_StateMachineBehaviours:
  - {fileID: -5462072258310200996}
  m_Position: {x: 50, y: 50, z: 0}
  m_IKOnFeet: 0
  m_WriteDefaultValues: 1
  m_Mirror: 0
  m_SpeedParameterActive: 0
  m_MirrorParameterActive: 0
  m_CycleOffsetParameterActive: 0
  m_TimeParameterActive: 0
  m_Motion: {fileID: 7400000, guid: 6f7047b20e8e1dc4a8ff4c6996b8ced0, type: 2}
  m_Tag: 
  m_SpeedParameter: 
  m_MirrorParameter: 
  m_CycleOffsetParameter: 
  m_TimeParameter: 
--- !u!1102 &2234796793281100803
AnimatorState:
  serializedVersion: 6
  m_ObjectHideFlags: 1
  m_CorrespondingSourceObject: {fileID: 0}
  m_PrefabInstance: {fileID: 0}
  m_PrefabAsset: {fileID: 0}
  m_Name: MK3_Dead
  m_Speed: 1
  m_CycleOffset: 0
  m_Transitions: []
  m_StateMachineBehaviours:
  - {fileID: 7090774988294723275}
  m_Position: {x: 50, y: 50, z: 0}
  m_IKOnFeet: 0
  m_WriteDefaultValues: 1
  m_Mirror: 0
  m_SpeedParameterActive: 0
  m_MirrorParameterActive: 0
  m_CycleOffsetParameterActive: 0
  m_TimeParameterActive: 0
  m_Motion: {fileID: 7400000, guid: d023a47ad2679ff46bf6881cc9f4de6e, type: 2}
  m_Tag: 
  m_SpeedParameter: 
  m_MirrorParameter: 
  m_CycleOffsetParameter: 
  m_TimeParameter: 
--- !u!1107 &2831834050790585906
AnimatorStateMachine:
  serializedVersion: 6
  m_ObjectHideFlags: 1
  m_CorrespondingSourceObject: {fileID: 0}
  m_PrefabInstance: {fileID: 0}
  m_PrefabAsset: {fileID: 0}
  m_Name: Base Layer
  m_ChildStates:
  - serializedVersion: 1
    m_State: {fileID: -4376306831064409109}
    m_Position: {x: 30, y: 180, z: 0}
  - serializedVersion: 1
    m_State: {fileID: 7759128954322929703}
    m_Position: {x: 30, y: 290, z: 0}
  - serializedVersion: 1
    m_State: {fileID: 509648112850736524}
    m_Position: {x: 360, y: 310, z: 0}
  - serializedVersion: 1
    m_State: {fileID: -3080156071168614602}
    m_Position: {x: 360, y: 190, z: 0}
  - serializedVersion: 1
    m_State: {fileID: 2234796793281100803}
    m_Position: {x: 610, y: 160, z: 0}
  m_ChildStateMachines: []
  m_AnyStateTransitions:
  - {fileID: -6934142775918726448}
  - {fileID: -5519596219766658157}
  m_EntryTransitions: []
  m_StateMachineTransitions: {}
  m_StateMachineBehaviours: []
  m_AnyStatePosition: {x: 370, y: 90, z: 0}
  m_EntryPosition: {x: 50, y: 120, z: 0}
  m_ExitPosition: {x: 800, y: 120, z: 0}
  m_ParentStateMachinePosition: {x: 800, y: 20, z: 0}
  m_DefaultState: {fileID: -4376306831064409109}
--- !u!1101 &4629081215101910618
AnimatorStateTransition:
  m_ObjectHideFlags: 1
  m_CorrespondingSourceObject: {fileID: 0}
  m_PrefabInstance: {fileID: 0}
  m_PrefabAsset: {fileID: 0}
  m_Name: 
  m_Conditions:
  - m_ConditionMode: 2
    m_ConditionEvent: isAttacking
    m_EventTreshold: 0
  m_DstStateMachine: {fileID: 0}
  m_DstState: {fileID: -4376306831064409109}
  m_Solo: 0
  m_Mute: 0
  m_IsExit: 0
  serializedVersion: 3
  m_TransitionDuration: 0.1
  m_TransitionOffset: 0
  m_ExitTime: 0.7
  m_HasExitTime: 1
  m_HasFixedDuration: 1
  m_InterruptionSource: 0
  m_OrderedInterruption: 1
  m_CanTransitionToSelf: 1
--- !u!114 &4669157372967124790
MonoBehaviour:
  m_ObjectHideFlags: 1
  m_CorrespondingSourceObject: {fileID: 0}
  m_PrefabInstance: {fileID: 0}
  m_PrefabAsset: {fileID: 0}
  m_GameObject: {fileID: 0}
  m_Enabled: 1
  m_EditorHideFlags: 0
  m_Script: {fileID: 11500000, guid: 6085a44bff65c7b44af7e279a75c9b04, type: 3}
  m_Name: 
  m_EditorClassIdentifier: 
--- !u!1101 &6367106348147704727
AnimatorStateTransition:
  m_ObjectHideFlags: 1
  m_CorrespondingSourceObject: {fileID: 0}
  m_PrefabInstance: {fileID: 0}
  m_PrefabAsset: {fileID: 0}
  m_Name: 
  m_Conditions:
  - m_ConditionMode: 1
    m_ConditionEvent: isMoving
    m_EventTreshold: 0
  m_DstStateMachine: {fileID: 0}
  m_DstState: {fileID: 7759128954322929703}
  m_Solo: 0
  m_Mute: 0
  m_IsExit: 0
  serializedVersion: 3
  m_TransitionDuration: 0.1
  m_TransitionOffset: 0
  m_ExitTime: 0.75
  m_HasExitTime: 0
  m_HasFixedDuration: 1
  m_InterruptionSource: 0
  m_OrderedInterruption: 1
  m_CanTransitionToSelf: 1
--- !u!114 &6587220132366946822
MonoBehaviour:
  m_ObjectHideFlags: 1
  m_CorrespondingSourceObject: {fileID: 0}
  m_PrefabInstance: {fileID: 0}
  m_PrefabAsset: {fileID: 0}
  m_GameObject: {fileID: 0}
  m_Enabled: 1
  m_EditorHideFlags: 0
  m_Script: {fileID: 11500000, guid: 7cf218e73f6de0943867cb32d9084cdc, type: 3}
  m_Name: 
  m_EditorClassIdentifier: 
  ReadyTimer: 0.1
--- !u!114 &7090774988294723275
MonoBehaviour:
  m_ObjectHideFlags: 1
  m_CorrespondingSourceObject: {fileID: 0}
  m_PrefabInstance: {fileID: 0}
  m_PrefabAsset: {fileID: 0}
  m_GameObject: {fileID: 0}
  m_Enabled: 1
  m_EditorHideFlags: 0
  m_Script: {fileID: 11500000, guid: 3ca6bee8292bc7b4c85b1cb27e7fdf4d, type: 3}
  m_Name: 
  m_EditorClassIdentifier: 
--- !u!1101 &7728652786207119264
AnimatorStateTransition:
  m_ObjectHideFlags: 1
  m_CorrespondingSourceObject: {fileID: 0}
  m_PrefabInstance: {fileID: 0}
  m_PrefabAsset: {fileID: 0}
  m_Name: 
  m_Conditions:
  - m_ConditionMode: 2
    m_ConditionEvent: isMoving
    m_EventTreshold: 0
  m_DstStateMachine: {fileID: 0}
  m_DstState: {fileID: -4376306831064409109}
  m_Solo: 0
  m_Mute: 0
  m_IsExit: 0
  serializedVersion: 3
  m_TransitionDuration: 0.1
  m_TransitionOffset: 0
  m_ExitTime: 0.5
  m_HasExitTime: 0
  m_HasFixedDuration: 1
  m_InterruptionSource: 0
  m_OrderedInterruption: 1
  m_CanTransitionToSelf: 1
--- !u!1102 &7759128954322929703
AnimatorState:
  serializedVersion: 6
  m_ObjectHideFlags: 1
  m_CorrespondingSourceObject: {fileID: 0}
  m_PrefabInstance: {fileID: 0}
  m_PrefabAsset: {fileID: 0}
  m_Name: MK3_Run
  m_Speed: 1
  m_CycleOffset: 0
  m_Transitions:
  - {fileID: 7728652786207119264}
  m_StateMachineBehaviours:
  - {fileID: 4669157372967124790}
  m_Position: {x: 50, y: 50, z: 0}
  m_IKOnFeet: 0
  m_WriteDefaultValues: 1
  m_Mirror: 0
  m_SpeedParameterActive: 0
  m_MirrorParameterActive: 0
  m_CycleOffsetParameterActive: 0
  m_TimeParameterActive: 0
  m_Motion: {fileID: 7400000, guid: db30b82015177384ab9be9b229927377, type: 2}
  m_Tag: 
  m_SpeedParameter: 
  m_MirrorParameter: 
  m_CycleOffsetParameter: 
  m_TimeParameter: 
